[gd_scene load_steps=5 format=2]

[ext_resource path="res://script/gui/ConfirmVideoSettings.gd" type="Script" id=1]
[ext_resource path="res://script/gui/WindowBasedContainer.gd" type="Script" id=2]
[ext_resource path="res://data/base/graphics/ui/panel.png" type="Texture" id=3]
[ext_resource path="res://scene/MenuButton.tscn" type="PackedScene" id=4]

[node name="ConfirmVideoSettings" type="Control"]

anchor_left = 0.0
anchor_top = 0.0
anchor_right = 1.0
anchor_bottom = 1.0
rect_pivot_offset = Vector2( 0, 0 )
mouse_filter = 0
mouse_default_cursor_shape = 0
size_flags_horizontal = 3
size_flags_vertical = 3
script = ExtResource( 1 )
_sections_unfolded = [ "Anchor", "Margin", "Size Flags", "Theme" ]

[node name="BackgroundContainer" type="Control" parent="." index="0"]

anchor_left = 0.0
anchor_top = 0.0
anchor_right = 0.0
anchor_bottom = 0.0
margin_right = 40.0
margin_bottom = 40.0
rect_min_size = Vector2( 500, 300 )
rect_pivot_offset = Vector2( 0, 0 )
mouse_filter = 0
mouse_default_cursor_shape = 0
size_flags_horizontal = 1
size_flags_vertical = 1
script = ExtResource( 2 )
_sections_unfolded = [ "Rect" ]
mfv_anchor_left = 0.1
mfv_anchor_top = 0.3
mfv_anchor_right = 0.9
mfv_anchor_bottom = 0.7
mfv_margin_left = 0.0
mfv_margin_top = 0.0
mfv_margin_right = 0.0
mfv_margin_bottom = 0.0

[node name="NinePatchRect" type="NinePatchRect" parent="BackgroundContainer" index="0"]

anchor_left = 0.0
anchor_top = 0.0
anchor_right = 1.0
anchor_bottom = 1.0
rect_pivot_offset = Vector2( 0, 0 )
mouse_filter = 2
mouse_default_cursor_shape = 0
size_flags_horizontal = 3
size_flags_vertical = 3
texture = ExtResource( 3 )
patch_margin_left = 5
patch_margin_top = 5
patch_margin_right = 5
patch_margin_bottom = 5
_sections_unfolded = [ "Anchor", "Grow Direction", "Hint", "Margin", "Patch Margin", "Rect", "Size Flags" ]

[node name="VBoxContainer" type="VBoxContainer" parent="BackgroundContainer/NinePatchRect" index="0"]

anchor_left = 0.0
anchor_top = 0.0
anchor_right = 1.0
anchor_bottom = 1.0
rect_pivot_offset = Vector2( 0, 0 )
mouse_filter = 1
mouse_default_cursor_shape = 0
size_flags_horizontal = 3
size_flags_vertical = 3
alignment = 0
_sections_unfolded = [ "Anchor", "Margin", "Size Flags" ]

[node name="MarginContainer" type="MarginContainer" parent="BackgroundContainer/NinePatchRect/VBoxContainer" index="0"]

anchor_left = 0.0
anchor_top = 0.0
anchor_right = 0.0
anchor_bottom = 0.0
margin_right = 500.0
margin_bottom = 148.0
rect_pivot_offset = Vector2( 0, 0 )
mouse_filter = 0
mouse_default_cursor_shape = 0
size_flags_horizontal = 3
size_flags_vertical = 3
custom_constants/margin_right = 20
custom_constants/margin_top = 50
custom_constants/margin_left = 20
custom_constants/margin_bottom = 50
_sections_unfolded = [ "Anchor", "Margin", "Size Flags", "custom_constants" ]

[node name="Label" type="Label" parent="BackgroundContainer/NinePatchRect/VBoxContainer/MarginContainer" index="0"]

anchor_left = 0.0
anchor_top = 0.0
anchor_right = 0.0
anchor_bottom = 0.0
margin_left = 20.0
margin_top = 67.0
margin_right = 480.0
margin_bottom = 81.0
rect_pivot_offset = Vector2( 0, 0 )
mouse_filter = 2
mouse_default_cursor_shape = 0
size_flags_horizontal = 1
size_flags_vertical = 4
text = "Keep these changes?"
align = 1
valign = 1
percent_visible = 1.0
lines_skipped = 0
max_lines_visible = -1
_sections_unfolded = [ "custom_fonts" ]

[node name="HBoxContainer" type="HBoxContainer" parent="BackgroundContainer/NinePatchRect/VBoxContainer" index="1"]

anchor_left = 0.0
anchor_top = 0.0
anchor_right = 0.0
anchor_bottom = 0.0
margin_top = 152.0
margin_right = 500.0
margin_bottom = 300.0
rect_pivot_offset = Vector2( 0, 0 )
mouse_filter = 1
mouse_default_cursor_shape = 0
size_flags_horizontal = 3
size_flags_vertical = 3
alignment = 0
_sections_unfolded = [ "Anchor", "Margin", "Size Flags" ]

[node name="MarginContainer" type="MarginContainer" parent="BackgroundContainer/NinePatchRect/VBoxContainer/HBoxContainer" index="0"]

anchor_left = 0.0
anchor_top = 0.0
anchor_right = 0.0
anchor_bottom = 0.0
margin_right = 248.0
margin_bottom = 148.0
rect_pivot_offset = Vector2( 0, 0 )
mouse_filter = 0
mouse_default_cursor_shape = 0
size_flags_horizontal = 3
size_flags_vertical = 3
custom_constants/margin_right = 20
custom_constants/margin_top = 20
custom_constants/margin_left = 40
custom_constants/margin_bottom = 40
_sections_unfolded = [ "Anchor", "Margin", "Size Flags", "custom_constants" ]

[node name="Button" parent="BackgroundContainer/NinePatchRect/VBoxContainer/HBoxContainer/MarginContainer" index="0" instance=ExtResource( 4 )]

margin_left = 40.0
margin_top = 20.0
margin_right = 228.0
margin_bottom = 108.0

[node name="MarginContainer2" type="MarginContainer" parent="BackgroundContainer/NinePatchRect/VBoxContainer/HBoxContainer" index="1"]

anchor_left = 0.0
anchor_top = 0.0
anchor_right = 0.0
anchor_bottom = 0.0
margin_left = 252.0
margin_right = 500.0
margin_bottom = 148.0
rect_pivot_offset = Vector2( 0, 0 )
mouse_filter = 0
mouse_default_cursor_shape = 0
size_flags_horizontal = 3
size_flags_vertical = 3
custom_constants/margin_right = 40
custom_constants/margin_top = 20
custom_constants/margin_left = 20
custom_constants/margin_bottom = 40
_sections_unfolded = [ "Anchor", "Margin", "Size Flags", "custom_constants" ]

[node name="Button2" parent="BackgroundContainer/NinePatchRect/VBoxContainer/HBoxContainer/MarginContainer2" index="0" instance=ExtResource( 4 )]

margin_left = 20.0
margin_top = 20.0
margin_right = 208.0
margin_bottom = 108.0


