[gd_scene load_steps=7 format=2]

[ext_resource path="res://script/gui/SettingsMenu.gd" type="Script" id=1]
[ext_resource path="res://script/gui/WindowBasedContainer.gd" type="Script" id=2]
[ext_resource path="res://data/base/graphics/ui/panel.png" type="Texture" id=3]
[ext_resource path="res://data/base/fonts/hexagon_cup_bold.ttf" type="DynamicFontData" id=4]
[ext_resource path="res://scene/MenuButton.tscn" type="PackedScene" id=5]

[sub_resource type="DynamicFont" id=1]

size = 35
use_mipmaps = false
use_filter = true
font_data = ExtResource( 4 )
_sections_unfolded = [ "Extra Spacing", "Font", "Resource", "Settings" ]

[node name="SettingsMenu" type="Control"]

anchor_left = 0.0
anchor_top = 0.0
anchor_right = 1.0
anchor_bottom = 1.0
rect_pivot_offset = Vector2( 0, 0 )
mouse_filter = 0
mouse_default_cursor_shape = 0
size_flags_horizontal = 3
size_flags_vertical = 3
script = ExtResource( 1 )
_sections_unfolded = [ "Anchor", "Grow Direction", "Margin", "Size Flags" ]

[node name="BackgroundContainer" type="Control" parent="." index="0"]

anchor_left = 0.25
anchor_top = 0.02
anchor_right = 0.75
anchor_bottom = 0.98
rect_min_size = Vector2( 500, 300 )
rect_pivot_offset = Vector2( 0, 0 )
mouse_filter = 0
mouse_default_cursor_shape = 0
size_flags_horizontal = 3
size_flags_vertical = 3
script = ExtResource( 2 )
_sections_unfolded = [ "Anchor", "Grow Direction", "Margin", "Rect", "Size Flags", "custom_constants" ]
mfv_anchor_left = 0.25
mfv_anchor_top = 0.02
mfv_anchor_right = 0.75
mfv_anchor_bottom = 0.98
mfv_margin_left = 0.0
mfv_margin_top = 0.0
mfv_margin_right = 0.0
mfv_margin_bottom = 0.0

[node name="StartMenuNPR" type="NinePatchRect" parent="BackgroundContainer" index="0"]

anchor_left = 0.0
anchor_top = 0.0
anchor_right = 1.0
anchor_bottom = 1.0
rect_min_size = Vector2( 500, 300 )
rect_pivot_offset = Vector2( 0, 0 )
mouse_filter = 2
mouse_default_cursor_shape = 0
size_flags_horizontal = 3
size_flags_vertical = 3
texture = ExtResource( 3 )
patch_margin_left = 5
patch_margin_top = 5
patch_margin_right = 5
patch_margin_bottom = 5
axis_stretch_horizontal = 2
axis_stretch_vertical = 2
_sections_unfolded = [ "Anchor", "Axis Stretch", "Grow Direction", "Margin", "Material", "Patch Margin", "Rect", "Size Flags", "Visibility" ]

[node name="MarginContainer" type="MarginContainer" parent="BackgroundContainer" index="1"]

anchor_left = 0.2
anchor_top = 0.1
anchor_right = 0.8
anchor_bottom = 0.9
rect_pivot_offset = Vector2( 0, 0 )
mouse_filter = 0
mouse_default_cursor_shape = 0
size_flags_horizontal = 1
size_flags_vertical = 1
_sections_unfolded = [ "Anchor", "Margin" ]

[node name="VBoxContainer" type="VBoxContainer" parent="BackgroundContainer/MarginContainer" index="0"]

anchor_left = 0.0
anchor_top = 0.0
anchor_right = 0.0
anchor_bottom = 0.0
margin_left = 8.0
margin_right = 307.0
margin_bottom = 460.0
rect_pivot_offset = Vector2( 0, 0 )
mouse_filter = 1
mouse_default_cursor_shape = 0
size_flags_horizontal = 1
size_flags_vertical = 1
custom_constants/separation = 50
alignment = 1
_sections_unfolded = [ "Anchor", "Grow Direction", "Margin", "custom_constants" ]

[node name="MarginContainer2" type="MarginContainer" parent="BackgroundContainer/MarginContainer/VBoxContainer" index="0"]

anchor_left = 0.0
anchor_top = 0.0
anchor_right = 0.0
anchor_bottom = 0.0
margin_right = 299.0
margin_bottom = 82.0
rect_pivot_offset = Vector2( 0, 0 )
mouse_filter = 0
mouse_default_cursor_shape = 0
size_flags_horizontal = 3
size_flags_vertical = 3
size_flags_stretch_ratio = 0.05
custom_constants/margin_right = 0
custom_constants/margin_top = 0
custom_constants/margin_left = 0
custom_constants/margin_bottom = 0
_sections_unfolded = [ "Anchor", "Margin", "Size Flags", "custom_constants" ]

[node name="MenuTitleNPR" type="NinePatchRect" parent="BackgroundContainer/MarginContainer/VBoxContainer/MarginContainer2" index="0"]

anchor_left = 0.0
anchor_top = 0.0
anchor_right = 0.0
anchor_bottom = 0.0
margin_right = 299.0
margin_bottom = 82.0
rect_pivot_offset = Vector2( 0, 0 )
hint_tooltip = "mabite est un zoltan elle alimente des équipements"
mouse_filter = 2
mouse_default_cursor_shape = 0
size_flags_horizontal = 1
size_flags_vertical = 1
texture = ExtResource( 3 )
patch_margin_left = 2
patch_margin_top = 2
patch_margin_right = 2
patch_margin_bottom = 2
axis_stretch_horizontal = 1
axis_stretch_vertical = 1
_sections_unfolded = [ "Anchor", "Axis Stretch", "Grow Direction", "Hint", "Margin", "Patch Margin", "Rect", "Size Flags" ]

[node name="TitleLabel" type="Label" parent="BackgroundContainer/MarginContainer/VBoxContainer/MarginContainer2/MenuTitleNPR" index="0"]

anchor_left = 0.0
anchor_top = 0.0
anchor_right = 1.0
anchor_bottom = 1.0
rect_pivot_offset = Vector2( 0, 0 )
mouse_filter = 2
mouse_default_cursor_shape = 0
size_flags_horizontal = 1
size_flags_vertical = 1
custom_fonts/font = SubResource( 1 )
text = "SETTINGS"
align = 1
valign = 1
percent_visible = 1.0
lines_skipped = 0
max_lines_visible = -1
_sections_unfolded = [ "Anchor", "Focus", "Grow Direction", "Hint", "Margin", "Material", "Mouse", "Rect", "Size Flags", "Theme", "Visibility", "custom_colors", "custom_constants", "custom_fonts", "custom_styles" ]

[node name="MarginContainer" type="MarginContainer" parent="BackgroundContainer/MarginContainer/VBoxContainer" index="1"]

anchor_left = 0.0
anchor_top = 0.0
anchor_right = 0.0
anchor_bottom = 0.0
margin_top = 132.0
margin_right = 299.0
margin_bottom = 460.0
rect_pivot_offset = Vector2( 0, 0 )
mouse_filter = 0
mouse_default_cursor_shape = 0
size_flags_horizontal = 3
size_flags_vertical = 3
size_flags_stretch_ratio = 0.2
custom_constants/margin_right = 0
custom_constants/margin_top = 0
custom_constants/margin_left = 0
custom_constants/margin_bottom = 0
_sections_unfolded = [ "Anchor", "Focus", "Grow Direction", "Hint", "Margin", "Mouse", "Rect", "Size Flags", "Theme", "custom_constants" ]

[node name="ScrollContainer" type="ScrollContainer" parent="BackgroundContainer/MarginContainer/VBoxContainer/MarginContainer" index="0"]

anchor_left = 0.0
anchor_top = 0.0
anchor_right = 0.0
anchor_bottom = 0.0
margin_right = 299.0
margin_bottom = 328.0
rect_pivot_offset = Vector2( 0, 0 )
rect_clip_content = true
mouse_filter = 0
mouse_default_cursor_shape = 0
size_flags_horizontal = 3
size_flags_vertical = 3
scroll_horizontal_enabled = false
scroll_horizontal = 0
scroll_vertical_enabled = true
scroll_vertical = 0
_sections_unfolded = [ "Anchor", "Focus", "Grow Direction", "Hint", "Margin", "Mouse", "Rect", "Scroll", "Size Flags" ]

[node name="MarginContainer" type="MarginContainer" parent="BackgroundContainer/MarginContainer/VBoxContainer/MarginContainer/ScrollContainer" index="0"]

anchor_left = 0.0
anchor_top = 0.0
anchor_right = 0.0
anchor_bottom = 0.0
margin_right = 287.0
margin_bottom = 406.0
rect_pivot_offset = Vector2( 0, 0 )
mouse_filter = 0
mouse_default_cursor_shape = 0
size_flags_horizontal = 3
size_flags_vertical = 1
custom_constants/margin_right = 12
custom_constants/margin_top = 0
custom_constants/margin_left = 0
custom_constants/margin_bottom = 0
_sections_unfolded = [ "Anchor", "Focus", "Grow Direction", "Hint", "Margin", "Mouse", "Rect", "Size Flags", "Theme", "custom_constants" ]

[node name="VBoxContainer" type="VBoxContainer" parent="BackgroundContainer/MarginContainer/VBoxContainer/MarginContainer/ScrollContainer/MarginContainer" index="0"]

anchor_left = 0.0
anchor_top = 0.0
anchor_right = 0.0
anchor_bottom = 0.0
margin_right = 275.0
margin_bottom = 406.0
rect_pivot_offset = Vector2( 0, 0 )
mouse_filter = 1
mouse_default_cursor_shape = 0
size_flags_horizontal = 3
size_flags_vertical = 1
alignment = 0
_sections_unfolded = [ "Anchor", "Focus", "Grow Direction", "Hint", "Margin", "Size Flags", "custom_constants" ]

[node name="VideoSettings" parent="BackgroundContainer/MarginContainer/VBoxContainer/MarginContainer/ScrollContainer/MarginContainer/VBoxContainer" index="0" instance=ExtResource( 5 )]

margin_bottom = 78.0

[node name="AudioSettings" parent="BackgroundContainer/MarginContainer/VBoxContainer/MarginContainer/ScrollContainer/MarginContainer/VBoxContainer" index="1" instance=ExtResource( 5 )]

margin_top = 82.0
margin_bottom = 160.0

[node name="ControlSettings" parent="BackgroundContainer/MarginContainer/VBoxContainer/MarginContainer/ScrollContainer/MarginContainer/VBoxContainer" index="2" instance=ExtResource( 5 )]

margin_top = 164.0
margin_bottom = 242.0

[node name="GameSettings" parent="BackgroundContainer/MarginContainer/VBoxContainer/MarginContainer/ScrollContainer/MarginContainer/VBoxContainer" index="3" instance=ExtResource( 5 )]

margin_top = 246.0
margin_bottom = 324.0

[node name="Back" parent="BackgroundContainer/MarginContainer/VBoxContainer/MarginContainer/ScrollContainer/MarginContainer/VBoxContainer" index="4" instance=ExtResource( 5 )]

margin_top = 328.0
margin_bottom = 406.0


